%%%%%%%%%%%%%%%%%%%%%%%%%
%% MINHAS REFERÊNCIAS  %%
%%%%%%%%%%%%%%%%%%%%%%%%%

%%%%%%%%%%%%%%%%%%%%%%%%%
%% INTERNAS DO PROGRAMA %%
%%%%%%%%%%%%%%%%%%%%%%%%%

@misc{Matiola2020Dissertação,
	note = {[Online; accessed 2022-06-10]},
	author = {Matiola, Cleusa and Werneck Ribeiro, Eduardo Augusto},
	year = {2020},
	month = {mar 18},
	school = {Instituto Federal de Santa Catarina},
	title = {A {Avalia}{\c {c}}{\~ {a}}{o} {dos} {Elementos} {Clim}{\' {a}}{ticos}, {Socioecon}{\^ {o}}{micos}  {e} {sua} {Rela}{\c {c}}{\~ {a}}{o} {com} {o} \latim{{Aedes} aegypti} {nos} {Munic}{\' {i}}{pois}  {de} {Chapec}{\' {o}}/{SC} {e} {Itaja}{\' {i}}/{SC}},
}
@article{Matiola2019Avaliacao,
	note = {[Online; accessed 2022-06-15]},
	author = {Matiola, Cleusa},
	journal = {Metodologias e Aprendizado},
	year = {2019},
	month = {sep 29},
	pages = {30--35},
	publisher = {Instituto Federal Catarinense},
	title = {Avalia{\c c}{\~ a}o da rela{\c c}{\~ a}o entre focos de {Aedes} aegypti com a distribui{\c c}{\~ a}o espacial da temperatura no municipio de {Itaja}{\' i}/{SC}, por geoprocessamento},
	volume = {1},
}
@article{Matiola2019ANALISE,
	note = {[Online; accessed 2022-06-15]},
	author = {Matiola, Cleusa and Ribeiro, Eduardo Augusto Werneck},
	journal = {Hygeia - Revista Brasileira de Geografia M{\' e}dica e da Sa{\' u}de},
	number = {33},
	year = {2019},
	month = {nov 21},
	pages = {29--41},
	publisher = {EDUFU - Editora da Universidade Federal de Uberlandia},
	title = {AN{\' {A}}{LISE} {EXPLORAT}{\' {O}}{RIA} {DOS} {DADOS} {CLIM}{\' {A}}{TICOS} {E} {SUA} {INFLU}{\^ {E}}{NCIA} {NO} {Aedes} aegypti, {NO} {MUNIC}{\' {I}}{PIO} {DE} {CHAPEC}{\' {O}}/{SC}: RESULTADOS {PARCIAIS}},
	volume = {15},
}
@article{Matiola2019O,
	note = {[Online; accessed 2022-06-17]},
	author = {Matiola, Cleusa and Werneck Ribeiro, Eduardo Augusto and Leal de Quadro, M{\' a}rio Fracisco and Loch, Juliana and Corr{\^ e}a, Laura F{\' a}tima},
	journal = {Revista Brasileira de Geografia F{\' i}sica},
	number = {4},
	year = {2019},
	month = {nov 11},
	pages = {1385},
	publisher = {Revista Brasileira de Geografia Fisica},
	title = {O uso de dados de temperatura e precipita{\c c}{\~ a}o de {MERRA2} para compreender a din{\^ a}mica ecol{\' o}gica do {A}. aegypti no munic{\' i}pio de {Chapec}{\' o}/{SC} - 2007 a 2017 ({The} use of {MERRA2} temperature and precipitation data to understand the ecological dynamics of {A}. aegypti in the municipality of {Chapec}{\' o} / {SC} - 2007 to 2017)},
	volume = {12},
}
@book{Ribeiro2019Cartografia,
	note = {[Online; accessed 2022-06-17]},
	address = {Blumenau},
	author = {Ribeiro, Eduardo Augusto Werneck},
	edition = {1},
	year = {2019},
	month = {10},
	publisher = {Instituto Federal Catarinense},
	title = {A {Cartografia} na {Geografia} da {Sa}{\' u}de : Metodologias e {T}{\' e}cnicas},
}
@misc{Oliveira2022Sistema,
	author = {Oliveira, Roseli de and Quadro, M{\' a}rio Francisco Leal de},
	year = {2022},
	month = {jun 22},
	school = {Instituto Federal de Santa Catarina},
	title = {Sistema de {Detec}{\c c}{\~ a}o de {Frentes} {Frias} {Associadas} a {Eventos} {Meteorol}{\' o}gicos de {M}{\' e}dio e {Alto} {Impacto} no {Centro} {Sul} da {Am}{\' e}rica do {Sul}},
}
@misc{Guerra2023Regionalizacao,
	note = {[Online; accessed 2024-03-29]},
	author = {Guerra de Oliveira, Caio and Leal de Quadro, M{\' a}rio Francisco},
	year = {2023},
	month = {oct 31},
	pages = {--184},
	school = {IFSC},
	title = {Regionaliza{\c c}{\~ a}o do {Clima} em {Santa} {Catarina}},
}


%%%%%%%%%%%%%%%%%%%%%%%%%
%% EXTERNAS RELATIVAS %%
%%%%%%%%%%%%%%%%%%%%%%%%%
@misc{CNPq_Conhecimento_Tabela,
	note = {[Online; accessed 2024-05-29]},
	author = {{Conselho Nacional de Desenvolvimento Científico e Tecnológico}},
    year = {2016},
	publisher = {Conselho Nacional de Desenvolvimento Cient{\' i}fico e Tecnol{\' o}gico},
	title = {Tabela de {\' {A}}reas do {Conhecimento}},
}



%%%%%%%%%%%%%%%%%%%%%%%%%
%% SAÚDE, COLETIVA E ÚNICA %%
%%%%%%%%%%%%%%%%%%%%%%%%%

@article{Drumond2020Dinamica,
	note = {[Online; accessed 2022-06-17]},
	author = {Drumond, Bruna and {\^ A}ngelo, Jussara and Xavier, Diego Ricardo and Cat{\~ a}o, Rafael and Gurgel, Helen and Barcellos, Christovam},
	journal = {Ci{\^ e}ncia &amp; Sa{\' u}de Coletiva},
	number = {5},
	year = {2020},
	month = {5},
	pages = {1641--1652},
	publisher = {FapUNIFESP (SciELO)},
	title = {Din{\^ a}mica espa{\c c}o-temporal da dengue no {Distrito} {Federal}, {Brasil}: ocorr{\^ e}ncia e perman{\^ e}ncia de epidemias},
	volume = {25},
}
@book{Rozenfeld2009Fundamentos,
	note = {[Online; accessed 2022-06-27]},
	author = {Rozenfeld, Suely},
	edition = {6},
	editor = {, Rio de Janeiro: Fiocruz},
	year = {2009},
	pages = {--301},
	publisher = {SciELO - Editora FIOCRUZ},
	title = {Fundamentos da vigil{\^ a}ncia sanit{\' a}ria},
}
@article{Viana2013ocorrencia,
	note = {[Online; accessed 2022-06-27]},
	author = {Viana, Dione Viero and Ignotti, Eliane},
	journal = {Revista Brasileira de Epidemiologia},
	number = {2},
	year = {2013},
	month = {6},
	pages = {240--256},
	publisher = {FapUNIFESP (SciELO)},
	title = {A ocorr{\^ e}ncia da dengue e varia{\c c}{\~ o}es meteorol{\' o}gicas no {Brasil}: revis{\~ a}o sistem{\' a}tica},
	volume = {16},
}
@article{Costa2016Incidencia,
	note = {[Online; accessed 2022-06-27]},
	author = {Costa, Isabelle Matos Pinheiro and Calado, Daniela Cristina and Costa, Isabelle Matos Pinheiro and Calado, Daniela Cristina},
	journal = {Epidemiologia e Servi{\c c}os de Sa{\' u}de},
	number = {4},
	year = {2016},
	month = {10},
	pages = {735--744},
	publisher = {FapUNIFESP (SciELO)},
	title = {Incid{\^ e}ncia dos casos de dengue (2007-2013) e distribui{\c c}{\~ a}o sazonal de culic{\' i}deos (2012-2013) em {Barreiras}, {Bahia}*},
	volume = {25},
}
@book{Funasa2002PNCD,
	address = {Bras{\' i}lia},
	author = {{Fundação Nacional de Saúde}},
	edition = {1},
	year = {2002},
	month = {jul 24},
	pages = {--34},
	publisher = {Minist{\' e}rio da Sa{\' u}de},
	title = {Programa {Nacional} de {Controle} da {Dengue} - {PNCD}},
}
@book{Secretaria2006Sinan,
	address = {Bras{\' i}lia},
	author = {{Secretaria de Vigilância em Saúde; Departamento de Vigilância Epidemiológica}},
	edition = {1},
	year = {2006},
	pages = {--80},
	publisher = {Minist{\' e}rio da Sa{\' u}de},
	title = {Sistema de {Informa}{\c c}{\~ a}o de {Agravos} de {Notifica}{\c c}{\~ a}o ({Sinan}): Normas e {Rotinas}.},
}
@book{Geomedicine1990JulLag,
	note = {[Online; accessed 2022-06-27]},
	author = {L{\" a}g, Jul},
	year = {1990},
	month = {nov 22},
	publisher = {CRC Press},
	title = {Geomedicine (1990)},
}
@article{OMS2022S1,
	note = {[Online; accessed 2022-06-28]},
	author = {{Organização Mundial de Saúde}},
	journal = {One Health},
	year = {2022},
	month = {may 9},
	title = {One health {GLOBAL}},
	howpublished = {https://www.who.int/health-topics/one-health#tab=tab\textunderscore{}1},
}
@misc{FAO2022,
	note = {[Online; accessed 2022-06-28]},
	author = {{Organização das Nações Unidas para a Alimentação e a Agricultura}},
	year = {2022},
	title = {Home},
	howpublished = {https://www.fao.org/one-health/en},
}
@misc{WOAH2021One,
	note = {[Online; accessed 2022-06-28]},
	author = {{World Organisation for Animal Health}},
	year = {2021},
	month = {mar 23},
	title = {One {Health}},
	howpublished = {https://www.woah.org/en/what-we-do/global-initiatives/one-health/},
}
@misc{CFMVSaude,
	note = {[Online; accessed 2022-06-28]},
	author = {{Conselho Federal de Medicina Veterinária}},
	year = {2022},
	title = {Sa{\' u}de {{\' {U}}nica}},
	howpublished = {https://www.cfmv.gov.br/wp-content/uploads/2020/01/folder-saude-unica},
}
@book{Cubas2014Tratado,
	address = {S{\~ a}o Paulo},
	author = {Cubas, Zalmir Silvino and Silva, Jean Carlos Ramos and Cat{\~ a}o-Dias, Jos{\' e} Luiz},
	edition = {2},
	year = {2014},
	publisher = {Roca},
	title = {Tratado de {Animais} {Selvagens}: {Medicina} {Veterin{\' a}ria} (2a. ed.).},
}
@misc{ONUODS22,
	note = {[Online; accessed 2022-06-29]},
	author = {{Organização das Nações Unidas}},
	year = {2022},
	title = {ODS - {Brasil}},
	howpublished = {https://brasil.un.org/pt-br/sdgs},
}
@book{Lowy2006Virus,
	note = {[Online; accessed 2022-07-02]},
	author = {L{\" o}wy, Ilana},
	year = {2006},
	month = {jan 1},
	publisher = {SciELO - Editora FIOCRUZ},
	title = {V{\' i}rus, mosquitos e modernidade: a febre amarela no {Brasil} entre ci{\^ e}ncia e pol{\' i}tica},
}
@article{Malinverni2022producao,
	note = {[Online; accessed 2022-07-02]},
	author = {Malinverni, Cl{\' a}udia and Brigag{\~ a}o, Jacqueline Isaac Machado and Cuenca, Angela Maria Belloni},
	journal = {Ci{\^ e}ncia &amp; Sa{\' u}de Coletiva},
	number = {7},
	year = {2022},
	pages = {2817--2825},
	publisher = {FapUNIFESP (SciELO)},
	title = {A produ{\c c}{\~ a}o de not{\' i}cias de sa{\' u}de pela imprensa: o contexto da cobertura da epizootia da febre amarela 2007/2008},
	volume = {27},
}
@book{Albagli2015Ciencia,
	address = {Rio de Janeiro},
	author = {Albagli, Sarita and Maciel, Maria Lucia and Abdo, Alexandre Hannud},
	edition = {1},
	editor = {{IBICT - Instituto Brasileiro de Informação em Ciência e Tecnologia}},
	year = {2015},
	pages = {--312},
	publisher = {UNIRIO - Universidade Federal do Estado do Rio de Janeiro},
	title = {Ci{\^ e}ncia {Aberta}, {Quest}{\~ o}es {Abertas}},
}
@misc{OPASFebre,
	note = {[Online; accessed 2022-07-02]},
	author = {{OPAS - Organização Pan-Americana da Saúde}},
	title = {Febre amarela - {OPAS}/{OMS}},
	howpublished = {https://www.paho.org/pt/node/40},
}
@misc{DIVEFebre,
	note = {[Online; accessed 2022-07-02]},
	author = {{DIVE/SC - Diretoria de Vigilância Epidemiológica de Santa Catarina}},
	title = {Febre {Amarela}},
	howpublished = {https://www.dive.sc.gov.br/index.php/febre-amarela},
}
@book{Ministerio2021PLANO,
	address = {Bras{\' i}lia},
	author = {{Ministério da Saúde. Secretaria de Vigilância em Saúde. Departamento de Imunização e Doenças Transmissíveis}},
	edition = {2},
	year = {2021},
	publisher = {Minist{\' e}rio da Sa{\' u}de},
	title = {PLANO {DE} {CONTING}{\^ {E}}{NCIA} {PARA} {RESPOSTA} {\` {A}}{S} {EMERG}{\^ {E}}{NCIAS} {EM} {SA}{\' {U}}{DE} {P}{\' {U}}{BLICA} - {FEBRE} {AMARELA}},
}
@article{Silva2016O,
	note = {[Online; accessed 2022-07-05]},
	author = {Silva, Camila Sloboda Pacheco da},
	journal = {Revista de Educa{\c c}{\~ a}o Continuada em Medicina Veterin{\' a}ria e Zootecnia do CRMV-SP},
	number = {3},
	year = {2016},
	month = {dec 21},
	pages = {12--17},
	publisher = {Revista de Educacao Continuada em Medicina Veterinaria e Zootecnia do CRMV-SP},
	title = {O m{\' e}dico-veterin{\' a}rio e a dengue: sua crescente e atual interface},
	volume = {14},
}
@misc{CRMVPR22CEGRADE,
	note = {[Online; accessed 2023-02-24]},
	author = {{Conselho Regional de Medicina Veterinária do Paraná}},
	year = {2022},
	month = {dec 5},
	title = {Comiss{\~ a}o de {Animais} em {Desastres} do {CRMV}-{PR} presta apoio ap{\' o}s enchente em {Morretes}},
	howpublished = {https://www.crmv-pr.org.br/noticiasView/6009\textunderscore{}Comissao-de-Animais-em-Desastres-do-CRMV-PR-presta-apoio-apos-enchente-em-Morretes.html},
}
@misc{SecretariaMG21,
	note = {[Online; accessed 2022-08-30]},
	author = {{Secretaria de Estado de Saúde de Minas Gerais}},
	year = {2021},
	title = {Doen{\c c}as transmitidas pelo {Aedes}},
	howpublished = {https://www.saude.mg.gov.br/aedes/doencastransmitidas},
}
@article{WHO2022S1,
	note = {[Online; accessed 2022-06-28]},
	author = {{WHO}},
	journal = {One Health},
	year = {2022},
	month = {may 9},
	title = {One health {GLOBAL}},
	howpublished = {https://www.who.int/health-topics/one-health#tab=tab\textunderscore{}1},
}
@article{WHO2020Zoonoses,
	note = {[Online; accessed 2022-10-29]},
	author = {WHO, World Health Organization:},
	journal = {World Health Organization: WHO},
	year = {2020},
	month = {jul 29},
	title = {Zoonoses},
	howpublished = {https://www.who.int/news-room/fact-sheets/detail/zoonoses},
}
@misc{SecretariaDoencas,
	note = {[Online; accessed 2022-08-30]},
	author = {{Secretaria de Estado de Saúde de Minas Gerais}},
	title = {Doen{\c c}as transmitidas pelo {Aedes}},
	howpublished = {https://www.saude.mg.gov.br/aedes/doencastransmitidas},
}
@book{Geomedicine2012Davenhall,
	address = {Redlands, California},
	author = {Davenhall, Bill},
	year = {2012},
	publisher = {ESRI},
	title = {Geomedicine: Geography and {Personal} {Health}},
}
@book{DiveDENGUE,
	note = {[Online; accessed 2022-10-26]},
	author = {{Diretoria de Vigilância Epidemiológica de Santa Catarina}},
	year = {2022},
	institution = {Secretaria de Estado da Sa{\' u}de},
	title = {Boletim {Epidemiol}{\' o}gico n. 33/2021 - {Vigil}{\^ a}ncia entomol{\' o}gica do {Aedes} aegypti e situa{\c c}{\~ a}o epidemiol{\' o}gica de dengue, febre de chikungunya e zika v{\' i}rus em {Santa} {Catarina}.},
}
@misc{SBPGlossario,
	note = {[Online; accessed 2022-10-29]},
	author = {{Sociedade Brasileira Técnico-Científica de Parasitologia}},
	year = {2021},
	title = {Gloss{\' a}rio},
	howpublished = {https://www.parasitologia.org.br},
}
@article{Rupasinghe2022Climate,
	note = {[Online; accessed 2022-08-01]},
	author = {Rupasinghe, Ruwini and Chomel, Bruno B. and Mart{\' i}nez-L{\' o}pez, Beatriz},
	journal = {Acta Tropica},
	year = {2022},
	month = {2},
	pages = {106225},
	publisher = {Elsevier BV},
	title = {Climate change and zoonoses: A review of the current status, knowledge gaps, and future trends},
	volume = {226},
}
@inproceedings{Vigilantos,
	note = {[Online; accessed 2022-11-10]},
	address = {Florian{\' o}polis - SC, Brazil},
	author = {Pimpao, Tatiana de Souza Rodrigues and Fuck, Jo{\~ a}o Augusto B. and In{\' a}cio, Deborah B. and Oliveira, Huaina A. S. and Portela, Francisco C. and Lustoza, Ana Cristina D. and Simom, Yon{\' a} G.},
	booktitle = {Anais do {Congresso} {Brasileiro} de {Epidemiologia}},
	year = {2017},
	month = {dec 22},
	organization = {Galoa},
	title = {A{\c c}{\~ o}es de {Vigil}{\^ a}ncia e {Controle} do \latim{{Aedes} aegypti} em {Santa} {Catarina} - {Sistema} {Vigilantos}},
}
@misc{SINANWEB,
	note = {[Online; accessed 2022-11-10]},
	author = {{Ministério da Saúde}},
	year = {2022},
	title = {SINANWEB},
	howpublished = {https://portalsinan.saude.gov.br/},
}
@book{SINAN07Ministerio,
	address = {Bras{\' i}lia},
	author = {{Ministério da Saúde. Secretaria de Vigilância em Saúde. Departamento de Vigilância Epidemiológica.}},
	edition = {2},
	year = {2007},
	publisher = {Minist{\' e}rio da Sa{\' u}de},
	title = {Sinan - {Sistema} de {Informa}{\c c}{\~ a}o de {Agravos} de {Notifica}{\c c}{\~ a}o - {Normas} e {Rotinas}},
}
@misc{TABNETMinisterio,
	note = {[Online; accessed 2022-11-11]},
	author = {{Ministério da Saúde}},
	year = {2022},
	title = {TABNET -- {DATASUS}},
	howpublished = {https://datasus.saude.gov.br/informacoes-de-saude-tabnet/},
}
@article{ParranHEALTH,
	note = {[Online; accessed 2023-03-21]},
	author = {Parran, Thomas and Boudreau, Frank G.},
	journal = {American Journal of Public Health and the Nations Health},
	number = {11},
	year = {1946},
	month = {11},
	pages = {1267--1272},
	publisher = {American Public Health Association},
	title = {The {World} {Health} {Organization}: Cornerstone of {Peace}},
	volume = {36},
}
@book{GuiaVigSaúde22,
	address = {Bras{\' i}lia},
	author = {{Ministério da Saúde}},
	editor = {{Secretaria de Vigilância em Saúde} and {Departamento de Articulação Estratégica de Vigilância em Saúde}},
	year = {2022},
	publisher = {Minist{\' e}rio da Sa{\' u}de},
	title = {Guia de {Vigil}{\^ a}ncia em {Sa}{\' u}de},
}
@book{OTPCampo,
    author    = {Autor}, 
    title     = {Orientações Técnicas para Pessoal de Campo},
    publisher = {Editora},
    journal   = {Editora},
    year      = {2022},
    volume    = {volume},
    series    = {serie},
    pages     = {paginas},
    address   = {Endereço},
    edition   = {edição},
    month     = {mês},
    note      = {Anotação},
    isbn      = {ISBN}
}
@article{Dengue_Animals_Gwee_2021,
	note = {[Online; accessed 2024-05-29]},
	author = {Gwee, Sylvia Xiao Wei and St John, Ashley L. and Gray, Gregory C. and Pang, Junxiong},
	journal = {One Health},
	year = {2021},
	month = {6},
	pages = {100216--16},
	publisher = {Elsevier BV},
	title = {Animals as potential reservoirs for dengue transmission: A systematic review},
	volume = {12},
}


%%%%%%%%%%%%%%%%%%%%%%%%%
%% INFORMES EPIDEMIOLÓGICOS %%
%%%%%%%%%%%%%%%%%%%%%%%%%

@techreport{Informe31DiveSE52/22,
	note = {[Online; accessed 2023-03-09]},
	author = {{Diretoria de Vigilância Epidemiológica de Santa Catarina}},
    year = {2023},
	institution = {Secretaria de Estado da Sa{\' u}de},
	title = {Informe {Epidemiol}{\' o}gico {No} 31 - {Vigil}{\^ a}ncia {Entomol}{\' o}gica do {Aedes} aegypti e {Situa}{\c c}{\~ a}o {Epidemiol}{\' o}gica de {Dengue}, {Chikungunya} e {Zika} em {Santa} {Catarina}},
}
@techreport{Informe5DiveSE9/23,
	note = {[Online; accessed 2023-03-09]},
	author = {{Diretoria de Vigilância Epidemiológica de Santa Catarina}},
    year = {2023},
	institution = {Secretaria de Estado da Sa{\' u}de},
	title = {Informe {Epidemiol}{\' o}gico {No} 5 - {Vigil}{\^ a}ncia {Entomol}{\' o}gica do {Aedes} aegypti e {Situa}{\c c}{\~ a}o {Epidemiol}{\' o}gica de {Dengue}, {Chikungunya} e {Zika} em {Santa} {Catarina}},
}
@techreport{Informe6DiveSE10/23,
	note = {[Online; accessed 2023-03-19]},
	author = {{Diretoria de Vigilância Epidemiológica de Santa Catarina}},
    year = {2023},
	institution = {Secretaria de Estado da Sa{\' u}de},
	title = {Informe {Epidemiol}{\' o}gico {No} 6 - {Vigil}{\^ a}ncia {Entomol}{\' o}gica do {Aedes} aegypti e {Situa}{\c c}{\~ a}o {Epidemiol}{\' o}gica de {Dengue}, {Chikungunya} e {Zika} em {Santa} {Catarina}},
}
@techreport{Informe7DiveSE11/23,
	note = {[Online; accessed 2023-03-27]},
	author = {{Diretoria de Vigilância Epidemiológica de Santa Catarina}},
    year = {2023},
	institution = {Secretaria de Estado da Sa{\' u}de},
	title = {Informe {Epidemiol}{\' o}gico {No} 7 - {Vigil}{\^ a}ncia {Entomol}{\' o}gica do {Aedes} aegypti e {Situa}{\c c}{\~ a}o {Epidemiol}{\' o}gica de {Dengue}, {Chikungunya} e {Zika} em {Santa} {Catarina}},
}
@techreport{Informe8DiveSE12/23,
	note = {[Online; accessed 2023-03-29]},
	author = {{Diretoria de Vigilância Epidemiológica de Santa Catarina}},
    year = {2023},
	institution = {Secretaria de Estado da Sa{\' u}de},
	title = {Informe {Epidemiol}{\' o}gico {No} 8 - {Vigil}{\^ a}ncia {Entomol}{\' o}gica do {Aedes} aegypti e {Situa}{\c c}{\~ a}o {Epidemiol}{\' o}gica de {Dengue}, {Chikungunya} e {Zika} em {Santa} {Catarina}},
}

%%%%%%%%%%%%%%%%%%%%%%%%%
%% VARIABILIDADE CLIMÁTICA %%
%%%%%%%%%%%%%%%%%%%%%%%%%

@article{Rozante2010MERGE,
	note = {[Online; accessed 2022-09-30]},
	author = {Rozante, Jos{\' e} Roberto and Moreira, Demerval Soares and de Goncalves, Luis Gustavo G. and Vila, Daniel A.},
	journal = {Weather and Forecasting},
	number = {3},
	year = {2010},
	month = {jun 1},
	pages = {885--894},
	publisher = {American Meteorological Society},
	title = {Combining {TRMM} and {Surface} {Observations} of {Precipitation}: Technique and {Validation} over {South} {America}},
	volume = {25},
}
@article{Rozante2021SAMeT,
	note = {[Online; accessed 2022-09-30]},
	author = {Rozante, Jos{\' e} Roberto and Ramirez, Enver and Fernandes, Alex de Almeida},
	journal = {International Journal of Climatology},
	number = {4},
	year = {2021},
	month = {sep 5},
	pages = {2135--2152},
	publisher = {Wiley},
	title = {A newly developed {South} {American} {Mapping} of {Temperature} with estimated lapse rate corrections},
	volume = {42},
}
@article{reboita2010,
  title={Regimes de precipita{\c{c}}{\~a}o na Am{\'e}rica do Sul: uma revis{\~a}o bibliogr{\'a}fica},
  author={Reboita, Michelle Sim{\~o}es and Gan, Manoel Alonso and Rocha, Rosmeri Porf{\'\i}rio da and Ambrizzi, T{\'e}rcio},
  journal={Revista brasileira de meteorologia},
  volume={25},
  pages={185--204},
  year={2010},
  publisher={SciELO Brasil}
}
@book{AtlasSCterritorio,
	address = {Florian{\' o}polis},
	author = {{Santa Catarina. Secretaria de Estado do Planejamento de Santa Catarina. Diretoria de Estatística e Cartografia} and Rocha, Isa de Oliveira},
	edition = {2},
	editor = {{Universidade do Estado de Santa Catarina}},
	year = {2016},
	publisher = {Universidade do Estado de Santa Catarina},
	title = {Atlas {Geogr}{\' a}fico de {Santa} {Catarina}: Estado e {Territ}{\' o}rio},
	volume = {1},
}
@book{AtlasSCnatureza,
	address = {Florian{\' o}polis},
	author = {{Santa Catarina. Secretaria de Estado do Planejamento de Santa Catarina. Diretoria de Estatística e Cartografia} and Rocha, Isa de Oliveira},
	edition = {2},
	editor = {{Universidade do Estado de Santa Catarina}},
	year = {2016},
	publisher = {Universidade do Estado de Santa Catarina},
	title = {Atlas {Geogr}{\' a}fico de {Santa} {Catarina}: Diversidade da {Natureza}},
	volume = {2},
}
@book{AtlasSCpopulacao,
	address = {Florian{\' o}polis},
	author = {{Santa Catarina. Secretaria de Estado do Planejamento de Santa Catarina. Diretoria de Estatística e Cartografia} and Rocha, Isa de Oliveira},
	edition = {2},
	editor = {{Universidade do Estado de Santa Catarina}},
	year = {2019},
	publisher = {Universidade do Estado de Santa Catarina},
	title = {Atlas {Geogr}{\' a}fico de {Santa} {Catarina}: Popula{\c c}{\~ a}o},
	volume = {3},
}
@misc{GFS,
	note = {[Online; accessed 2022-10-21]},
	author = {Otto, Mark and {NOAA}},
	year = {2022},
	publisher = {NOAA},
	title = {GFS - Global Forecast System},
}
@misc{IBGE22,
	note = {[Online; accessed 2022-10-30]},
	author = {{IBGE}},
	year = {2022},
	title = {Instituto {Brasileiro} de {Geografia} e {Estat}{\' i}stica},
	howpublished = {https://www.ibge.gov.br/acesso-informacao/institucional/o-ibge.html},
}
@misc{IBGE23prev,
	note = {[Online; accessed 2023-03-02]},
	author = {{IBGE}},
	year = {2023},
	title = {Instituto {Brasileiro} de {Geografia} e {Estat}{\' i}stica},
	howpublished = {https://www.ibge.gov.br/novo-portal-destaques.html?destaque=36362},
}
@misc{INMET22,
	note = {[Online; accessed 2022-11-06]},
	author = {{Instituto Nacional de Meteorologia}},
	year = {2022},
	title = {Banco de {Dados} {Meteorol{\' o}gicos}},
	howpublished = {https://portal.inmet.gov.br/servicos/bdmep-dados-hist%C3%B3ricos},
}


%%%%%%%%%%%%%%%%%%%%%%%%%
%% PROGRAMAÇÃO E LIBs  %%
%%%%%%%%%%%%%%%%%%%%%%%%%
@software{pandas_2020_reback,
    author       = {The pandas development team},
    title        = {pandas-dev/pandas: Pandas},
    month        = feb,
    year         = 2020,
    publisher    = {Zenodo},
    version      = {latest},
    doi          = {10.5281/zenodo.3509134},
    url          = {https://doi.org/10.5281/zenodo.3509134}
}
@InProceedings{pandas_2010_scipy,
  author    = { {W}es {M}c{K}inney },
  title     = { {D}ata {S}tructures for {S}tatistical {C}omputing in {P}ython },
  booktitle = { {P}roceedings of the 9th {P}ython in {S}cience {C}onference },
  pages     = { 56 - 61 },
  year      = { 2010 },
  editor    = { {S}t\'efan van der {W}alt and {J}arrod {M}illman },
  doi       = { 10.25080/Majora-92bf1922-00a }
}
@Article{numpy_2020_harrisarray,
 title = {Array programming with {NumPy}},
 author = {Charles R. Harris and K. Jarrod Millman and St{\'{e}}fan J.
         van der Walt and Ralf Gommers and Pauli Virtanen and David
         Cournapeau and Eric Wieser and Julian Taylor and Sebastian
         Berg and Nathaniel J. Smith and Robert Kern and Matti Picus
         and Stephan Hoyer and Marten H. van Kerkwijk and Matthew
         Brett and Allan Haldane and Jaime Fern{\'{a}}ndez del
         R{\'{i}}o and Mark Wiebe and Pearu Peterson and Pierre
         G{\'{e}}rard-Marchant and Kevin Sheppard and Tyler Reddy and
         Warren Weckesser and Hameer Abbasi and Christoph Gohlke and
         Travis E. Oliphant},
 year          = {2020},
 month         = sep,
 journal       = {Nature},
 volume        = {585},
 number        = {7825},
 pages         = {357--362},
 doi           = {10.1038/s41586-020-2649-2},
 publisher     = {Springer Science and Business Media {LLC}},
 url           = {https://doi.org/10.1038/s41586-020-2649-2}
}
@software{geopandas_2020_kelseyjordahl,
  author = {Kelsey Jordahl and
      Joris Van den Bossche and
      Martin Fleischmann and
      Jacob Wasserman and
      James McBride and
      Jeffrey Gerard and
      Jeff Tratner and
      Matthew Perry and
      Adrian Garcia Badaracco and
      Carson Farmer and
      Geir Arne Hjelle and
      Alan D. Snow and
      Micah Cochran and
      Sean Gillies and
      Lucas Culbertson and
      Matt Bartos and
      Nick Eubank and
      maxalbert and
      Aleksey Bilogur and
      Sergio Rey and
      Christopher Ren and
      Dani Arribas-Bel and
      Leah Wasser and
      Levi John Wolf and
      Martin Journois and
      Joshua Wilson and
      Adam Greenhall and
      Chris Holdgraf and
      Filipe and
      François Leblanc},
  title        = {geopandas/geopandas: v0.8.1},
  month        = jul,
  year         = 2020,
  publisher    = {Zenodo},
  version      = {v0.8.1},
  doi          = {10.5281/zenodo.3946761},
  url          = {https://doi.org/10.5281/zenodo.3946761}
}
@book{python2_1995_van,
  title={Python reference manual},
  author={Van Rossum, Guido and Drake Jr, Fred L},
  year={1995},
  publisher={Centrum voor Wiskunde en Informatica Amsterdam}
} 
@book{python3_2009_van,
 author = {Van Rossum, Guido and Drake, Fred L.},
 title = {Python 3 Reference Manual},
 year = {2009},
 isbn = {1441412697},
 publisher = {CreateSpace},
 address = {Scotts Valley, CA}
} 
@misc{CDO_2023_schulzweida,
  author       = {Schulzweida, Uwe},
  title        = {CDO User Guide},
  month        = oct,
  year         = 2023,
  publisher    = {Zenodo},
  version      = {2.3.0},
  doi          = {10.5281/zenodo.10020800},
  url          = {https://doi.org/10.5281/zenodo.10020800}
}
@article{xarray_2017_hoyer,
  title     = {xarray: {N-D} labeled arrays and datasets in {Python}},
  author    = {Hoyer, S. and J. Hamman},
  journal   = {Journal of Open Research Software},
  volume    = {5},
  number    = {1},
  year      = {2017},
  publisher = {Ubiquity Press},
  doi       = {10.5334/jors.148},
  url       = {https://doi.org/10.5334/jors.148}
}
@misc{xarray_2016_v0_8_0,
      author = {Stephan Hoyer and Clark Fitzgerald and Joe Hamman and others},
      title  = {xarray: v0.8.0},
      month  = aug,
      year   = 2016,
      doi    = {10.5281/zenodo.59499},
      url    = {https://doi.org/10.5281/zenodo.59499}
     }
@Misc{shapely_2007_gillies,
  author = {Sean Gillies and others},
  organization = {toblerity.org},
  title = {Shapely: manipulation and analysis of geometric objects},
  year =  {2007},
  url = "https://github.com/Toblerity/Shapely"
}
@misc{tensorflow_2015_whitepaper,
title={ {TensorFlow}: Large-Scale Machine Learning on Heterogeneous Systems},
url={https://www.tensorflow.org/},
note={Software available from tensorflow.org},
author={
    Mart\'{\i}n~Abadi and
    Ashish~Agarwal and
    Paul~Barham and
    Eugene~Brevdo and
    Zhifeng~Chen and
    Craig~Citro and
    Greg~S.~Corrado and
    Andy~Davis and
    Jeffrey~Dean and
    Matthieu~Devin and
    Sanjay~Ghemawat and
    Ian~Goodfellow and
    Andrew~Harp and
    Geoffrey~Irving and
    Michael~Isard and
    Yangqing Jia and
    Rafal~Jozefowicz and
    Lukasz~Kaiser and
    Manjunath~Kudlur and
    Josh~Levenberg and
    Dandelion~Man\'{e} and
    Rajat~Monga and
    Sherry~Moore and
    Derek~Murray and
    Chris~Olah and
    Mike~Schuster and
    Jonathon~Shlens and
    Benoit~Steiner and
    Ilya~Sutskever and
    Kunal~Talwar and
    Paul~Tucker and
    Vincent~Vanhoucke and
    Vijay~Vasudevan and
    Fernanda~Vi\'{e}gas and
    Oriol~Vinyals and
    Pete~Warden and
    Martin~Wattenberg and
    Martin~Wicke and
    Yuan~Yu and
    Xiaoqiang~Zheng},
  year={2015},
}
@misc{keras_2015_chollet,
  title={Keras},
  author={Chollet, Fran\c{c}ois and others},
  year={2015},
  publisher={GitHub},
  howpublished={\url{https://github.com/fchollet/keras}},
}
Bibtex entry:

@article{scikit-learn_2011_pedregosa,
  title={Scikit-learn: Machine Learning in {P}ython},
  author={Pedregosa, F. and Varoquaux, G. and Gramfort, A. and Michel, V.
          and Thirion, B. and Grisel, O. and Blondel, M. and Prettenhofer, P.
          and Weiss, R. and Dubourg, V. and Vanderplas, J. and Passos, A. and
          Cournapeau, D. and Brucher, M. and Perrot, M. and Duchesnay, E.},
  journal={Journal of Machine Learning Research},
  volume={12},
  pages={2825--2830},
  year={2011}
}
@inproceedings{sklearn_2013_buitinck,
  author    = {Lars Buitinck and Gilles Louppe and Mathieu Blondel and
                Fabian Pedregosa and Andreas Mueller and Olivier Grisel and
                Vlad Niculae and Peter Prettenhofer and Alexandre Gramfort
                and Jaques Grobler and Robert Layton and Jake VanderPlas and
                Arnaud Joly and Brian Holt and Ga{\"{e}}l Varoquaux},
  title     = {{API} design for machine learning software: experiences from the scikit-learn
                project},
  booktitle = {ECML PKDD Workshop: Languages for Data Mining and Machine Learning},
  year      = {2013},
  pages = {108--122},
}